<record><leader>00000cas a22000007a 4500</leader><controlfield tag="001">14983383</controlfield><controlfield tag="008">861217c19459999iauwr ne      0    0eng d</controlfield><datafield ind1=" " ind2=" " tag="010"><subfield code="a">sn 86061242 </subfield></datafield><datafield ind1=" " ind2=" " tag="040"><subfield code="a">INP</subfield><subfield code="b">eng</subfield><subfield code="c">INP</subfield><subfield code="d">OCLCQ</subfield></datafield><datafield ind1=" " ind2=" " tag="042"><subfield code="a">msc</subfield></datafield><datafield ind1="0" ind2="0" tag="245"><subfield code="a">Waukon Republican-standard.</subfield></datafield><datafield ind1="3" ind2="0" tag="246"><subfield code="a">Republican standard</subfield></datafield><datafield ind1=" " ind2=" " tag="260"><subfield code="a">Waukon, Iowa :</subfield><subfield code="b">Leslie K. Hull and Louis E. Hull,</subfield><subfield code="c">1945-</subfield></datafield><datafield ind1=" " ind2=" " tag="300"><subfield code="a">v. :</subfield><subfield code="b">ill.</subfield></datafield><datafield ind1=" " ind2=" " tag="310"><subfield code="a">Weekly</subfield></datafield><datafield ind1="0" ind2=" " tag="362"><subfield code="a">Vol. 78, no. 23 (June 5, 1945)-</subfield></datafield><datafield ind1=" " ind2=" " tag="500"><subfield code="a">Publisher varies.</subfield></datafield><datafield ind1=" " ind2=" " tag="500"><subfield code="a">"Official county paper."</subfield></datafield><datafield ind1=" " ind2=" " tag="752"><subfield code="a">United States</subfield><subfield code="b">Iowa</subfield><subfield code="c">Allamakee</subfield><subfield code="d">Waukon.</subfield></datafield><datafield ind1="0" ind2=" " tag="777"><subfield code="t">Waukon Democrat (Waukon, Iowa : 1945)</subfield><subfield code="w">(DLC)sn 86061224</subfield><subfield code="g">&lt;June 1977-</subfield></datafield><datafield ind1="0" ind2="0" tag="780"><subfield code="t">Waukon Republican and standard</subfield><subfield code="w">(DLC)sn 86061241</subfield></datafield></record>